<record><leader>00000cas a22000007a 4500</leader><controlfield tag="001">33933216</controlfield><controlfield tag="008">951216d188u19uuinuwr ne      0    0eng d</controlfield><datafield ind1=" " ind2=" " tag="010"><subfield code="a">sn 95067536 </subfield></datafield><datafield ind1=" " ind2=" " tag="040"><subfield code="a">NPI</subfield><subfield code="b">eng</subfield><subfield code="c">NPI</subfield><subfield code="d">OCLCQ</subfield></datafield><datafield ind1=" " ind2=" " tag="042"><subfield code="a">msc</subfield></datafield><datafield ind1="0" ind2="4" tag="245"><subfield code="a">The Chrisney sun.</subfield></datafield><datafield ind1=" " ind2=" " tag="260"><subfield code="a">Chrisney, Ind. :</subfield><subfield code="b">John P. Chrisney</subfield></datafield><datafield ind1=" " ind2=" " tag="300"><subfield code="a">v. :</subfield><subfield code="b">ill.</subfield></datafield><datafield ind1=" " ind2=" " tag="310"><subfield code="a">Weekly</subfield></datafield><datafield ind1=" " ind2=" " tag="588"><subfield code="a">Description based on: Vol. 6, no. 24 (Dec. 5, 1890) = whole no. 248.</subfield></datafield><datafield ind1=" " ind2=" " tag="752"><subfield code="a">United States</subfield><subfield code="b">Indiana</subfield><subfield code="c">Spencer</subfield><subfield code="d">Chrisney.</subfield></datafield><datafield ind1="0" ind2="0" tag="780"><subfield code="t">Sun (Chrisney, Ind.)</subfield><subfield code="w">(DLC)sn 95067535</subfield></datafield></record>